@book{101,
	author = {Debasish Ghosh},
	title = {DSLs IN ACTION},
	edition = {1},
	publisher = {Manning Publications Co.},
	address = {Special Sales Department
	Manning Publications Co.
	180 Broad St. Suite 1323
	Stamford, CT 06901},
	year = {2011},
	note = {ISBN 9781935182450}
}

@book{02,
	author = {AS,Ahmed A. Shabana},
	title = {Dynamics of Multibody Systems},
	edition = {2.},
	publisher = {Cambridge University Press},
	address = {Cambridge, USA},
	year = {1998},
	note = {ISBN 0-52159-446-4}
}

@book{03,
	author = {SWD,Sebastian Thrun, Wolfram Burgard, Dieter Fox},
	title = {Probabilistic Robotics (Intelligent Robotics and Autonomous Agents)},
	publisher = {The Mit Press},
	address = {Essex, England},
	year = {2005},
	note = {ISBN 0-26220-162-3}	
}

@book{04,
	author = {TFCB,D. Toal, C. Flanagan, C. Jones, B. Strunz},
	title = {Subsumption architecture for the control of robots},
	publisher = {The Mit Press},
	address = {Essex, England},
	year = {1996},
	note = {ISBN k.A.}
}

@book{05,
	author = {NV,Michael Naval},
	title = {Roboter-Praxis},
	publisher = {Vogel},
	address = {Würzburg, Deutschland},
	year = {1989},
	note = {ISBN 3-8023-0210-9}
}

@book{06,
	author = {BO,Bruno Siciliano, Oussama Khatib},
	title = {Springer Handbook of Robotics},
	publisher = {Springer-Verlag},
	address = {Berlin, Deutschland},
	year = {2008},
	note = {ISBN 978-3-540-23957-4}
} 

@book{07,
	author = {GRV,George Bekey, Robert Ambrose, Vijay Kumar},
	title = {Robotics: State of the Art and Future Challenges},
	publisher = {World Scientific Pub},
	address = {London, England },
	year = {2008},
	note = {ISBN 978-1-8481-6006-4}
} 

@book{08,
	author = {JC,John J. Craig},
	title = {Introduction to Robotics - Mechanics and Control},
	publisher = {Prentice Hall International},
	address = {Upper Saddle River, USA},
	year = {2004},
	note = {ISBN 978-8-178-08451-0}
}  

@book{09,
	author = {AT,Alois Knoll, Thomas Christaller},
	title = {Robotik},
	publisher = {Fischer (Tb.)},
	address = {Frankfurt am Main, Deutschland},
	year = {2003},
	note = {ISBN 978-3-5961-5552-1}
}

@book{10,
	author = {HK, Heinz W. Katzenmeier},
	title = {Grundlagen der Robotertechnik: Tipps und Tricks für den Selbstbau},
	publisher = {Elektor-Verlag},
	address = {Aachen, Deutschland},
	year = {2004},
	note = {ISBN 978-3-8957-6147-8}
}

@book{11,
	author = {MR,Marc H. Raibert},
	title = {Legged robots that balance},
	publisher = {MIT Press},
	address = {Cambridge, USA},
	year = {2000},
	note = {ISBN 0-26268-119-6}
}

@book{12,
	author = {GR,Gero von Randow},
	title = {Roboter. Unsere nächsten Verwandten},
	publisher = {Rowohlt},
	address = {Reinbek, Deutschland},
	year = {1997},
	note = {ISBN 978-3-4980-5744-2}
}

@book{13,
	author = {LB,G. Lawitzky, M. Buss (Eds.) et al.},
	title = {Service Roboter},
	publisher = {MIT Press},
	address = {Cambridge, USA},
	year = {1986},
	note = {ISBN 0-000}
}


@book{14,
	author = {WW,Wolfgang Weber},
	title = {Industrieroboter. Methoden der Steuerung und Regelung},
	publisher = {Fachbuchverlag Leipzig},
	address = {Leipzig, Deutschland},
	year = {2002},
	note = {ISBN 978-3-4462-1604-4}
}

@book{15,
	author = {BM,Bodo-Michael Baumunk},
	title = {Die Roboter kommen. Mensch, Maschine, Kommunikation},
	publisher = {Wachter Verlag},
	address = {Heidelberg, Deutschland},
	year = {2007},
	note = {ISBN 978-3-89904-268-9}
} 

@book{16,
	author = {AF,Anne Foerst},
	title = {Von Robotern, Mensch und Gott. Künstliche Intelligenz und die existentielle Dimension des Lebens},
	publisher = {Vandenhoeck und Ruprecht},
	address = {Göttingen, Deutschland},
	year = {2008},
	note = {ISBN 978-3-525-56965-8}
}

@book{17,
	author = {DI,Daniel Ichbiah},
	title = {Roboter: Geschichte Technik Entwicklung},
	publisher = {Knesebeck},
	address = {München, Deutschland},
	year = {2005},
	note = {ISBN 3-89660-276-4}
}

@book{18,
	author = {HR,H.R. Everett},
	title = {Sensors for mobile Robots},
	publisher = {A K Peters, Ltd.},
	address = {Wellesley, USA},
	year = {1995},
	note = {ISBN 1-56881-048-2}
}

@book{19,
	author = {LF,Joseph L. Jones and Anita M. Flynn},
	title = {Mobile robots : inspiration to implementation},
	publisher = {A K Peters, Ltd.},
	address = {Wellesley, USA},
	year = {1993},
	note = {ISBN 1-56881-097-0}
}

@book{20,
	author = {AL,John R. Anderson, Christian J. Lebiere},
	title = {The Atomic Components of Thought},
	publisher = {Psychology Press},
	year = {1998},
	note = {ISBN 0-80582-817-6}
}

@book{21,
	author = {MS,Martin Sauter},
	title = {Grundkurs Mobile Kommunikationssysteme},
	publisher = {Vieweg},
	year = {2008},
	note = {ISBN 978-3-8348-0397-9}
}

@book{22,
	author = {MT,A. Merkle und A. Terzis},
	title = {Digitale Funkkommunikation mit Bluetooth},
	publisher = {Franzis},
	year = {2002},
	note = {ISBN 3-7723-4654-5}
}

@book{23,
	author = {JA,Jan Axelson},
	title = {USB Complete. Everything You Need to Develop Custom USB Peripherals},
	publisher = {Lakeview Research},
	year = {2009},
	note = {ISBN 978-1931448086}
}

@book{24,
	author = {HJK,Hans-Joachim Kelm},
	title = {USB 2.0},
	publisher = {Franzis},
	year = {2006},
	note = {ISBN 3-7723-7965-6}
}

@book{25,
	author = {KW,Klaus Wüst},
	title = {Mikroprozessortechnik: Grundlagen, Architekturen und Programmierung von Mikroprozessoren, Mikrocontrollern und Signalprozessorens},
	publisher = {Vieweg und Teubner},
	year = {2008},
	note = {ISBN 978-3-8348-0461-7}
}

@book{26,
	author = {ARM,Andreas Roth},
	title = {Das Microcontroller Kochbuch MCS51},
	publisher = {mitp Verlag},
	year = {2002},
	note = {ISBN 978-3-8266-0722-6}
}

@book{27,
	author = {AR,Andreas Roth},
	title = {Das Mikrocontroller-Applikations-Kochbuch},
	publisher = {mitp Verlag},
	year = {1998},
	note = {ISBN 978-3-8266-2822-1}
}

@book{28,
	author = {JP,Jacquelyn Perry},
	title = {Ganganalyse, Norm und Pathologie des Gehens},
	publisher = {Elsevier},
	year = {2003},
	note = {ISBN 978-3437471100}
}

@book{29,
	author = {PTM, Paul A. Tipler, Gene Mosca},
	title = {Physik: für Wissenschaftler und Ingenieure},
	publisher = {Spektrum Akademischer Verlag},
	year = {2009},
	note = {ISBN 978-3827419453}
}

@book{30,
	author = {DW, David A. Winter},
	title = {Biomechanik und Motor-Control of Human Movement},
	publisher = {John Wiley and Sons},
	year = {1990},
	note = {ISBN 978-0471509080}
}

@book{31,
	author = {PC,Friedrich Pfeiffer und Holk Cruse},
	title = {Autonomes Laufen},
	publisher = {Springer},
	year = {2005},
	note = {ISBN 3-540-2544-1}
}

@Article{50,
  author ={J. E. Laird and A. Newell and P. S. Rosenbloom},
  title =        {SOAR: An Architecture for General Intelligence},
  year =         {1987},
  journal =      {Artificial Intelligence"},
  volume =       {33},
  number =       {1},  
  note =         {SOAR: An Architecture for General Intelligence. Artificial Intelligence}
}

@misc{110,
	author = {JH, Janko Härtig},
	title = {Roboterkinematiken},
	year = {2004},
	note = {\url{http://darwin.bth.rwth-aachen.de/opus3/volltexte/2002/408/pdf/Stenzel_Roland.pdf}Sichtung: 06.09.2010 oder im Anhang(CD)}%url verbessern
}



@misc{111,
	author = {Aristoteles},
	title = {Politik 5},
	year = {v.Chr. 335},
	note = {4. 1303 b 29}
}

@misc{113,
	author = {Johann Borenstein, Liqiang Feng, and H.R. Everett},
	title = {Where am i? sensors and methods for autonomous mobile robot positioning},
	year = {1994},
	note = {Technical Report UM-MEAM-94-21, University of Michigan}
}

@misc{112,
	author = {RS,Roland Stenzeler},
	title = {Steuerungsarchitekturen für autonome mobile Roboter},
	year = {2002},
	note = {\url{http://darwin.bth.rwth-aachen.de/opus3/volltexte/2002/408/pdf/Stenzel_Roland.pdf}Sichtung: 04.09.2010 oder im Anhang(CD)}
}



@misc{114,
	author = {LB,G. Lawitzky, M. Buss (Eds.) et al.},
	title = {Service Roboter},
	year = {2007},
	note = {Schwerpunktthemenheft der Zeitschrift IT Information Technology, Oldenbourg Verlag, München. 49(2007)4}
}

@misc{115,
	author = {{W3C World Wide Web Consortium; Booth, David (Hrsg.) et al.}},%S. McMillan. DynaMechs (Dynamics of Mechanisms): A Multibody Dynamic Simulation Library.
	title = {Web Services Architecture W3C Working Group Note 11 February},
	year = {2004},
	note = {\url{http://ls11-www.cs.uni-dortmund.de/downloads/papers/BZAR02.pdf}. Sichtung: 01.09.2010 oder im Anhang(CD)}
}

@misc{116,
	author = {JZ, Jens  Ziegler},
	title = {Evolution von Laufrobotersteuerungen mit Genetischer Programmierung},
	year = {2003},
	note = {\url{https://eldorado.tu-dortmund.de/handle/2003/2743}. Sichtung: 20.07.2010}
}

@misc{117,
	author = {WI, Wikipedia Internet Literatur Autonome mobile Roboter},
	title = {Autonome mobile Roboter},
	year = {2010},
	note = {\url{http://de.wikipedia.org/wiki/Robotik}. Sichtung: 26.08.2010}	
}

@misc{120,
	author = {DHP, Wikipedia Internet Literatur Denavit Hartenberg Parameter},
	title = {Denavit Hartenberg Parameter},
	year = {2010},
	note = {\url{http://en.wikipedia.org/wiki/Denavit-Hartenberg_Parameters}. Sichtung: 28.08.2010}	
}

@misc{119,
	author = {DE, Wikipedia Internet Literatur Definition Endefektor},
	title = {Endefektor},
	year = {2010},
	note = {\url{http://de.wikipedia.org/wiki/Endeffektor}. Sichtung: 22.08.2010}	
}

@misc{121,
	author = {LR, Wikipedia Internet Literatur Roboter},
	title = {Roboter},
	year = {2010},
	note = {\url{http://de.wikipedia.org/wiki/Roboter}. Sichtung: 27.08.2010}	
}

@misc{122,
	author = {MOB, Wikipedia Internet Literatur Mobilität},
	title = {Mobilität},
	year = {2010},
	note = {\url{http://de.wikipedia.org/wiki/Mobilit\%C3\%A4t}. Sichtung: 27.08.2010}	
}

@misc{123,
	author = {AmR, Wikipedia Internet Literatur Autonome mobile Roboter},
	title = {Autonome mobile Roboter},
	year = {2010},
	note = {\url{http://de.wikipedia.org/wiki/Autonome_mobile_Roboter}. Sichtung: 30.08.2010}	
}

@misc{124,
	author = {MOD, Wikipedia Internet Literatur Modell},
	title = {Model},
	year = {2010},
	note = {\url{http://de.wikipedia.org/wiki/Modell}. Sichtung: 31.08.2010}	
}

@misc{125,
	author = {CJ, Christian Jäger},
	title = {Einfluss der Fu\ss haltung und Laufgeschwindigkeit auf die Biomechanik des Gehens},
	year = {2010},
	note =
{\url{http://www.lauflabor.uni-jena.de/index.php?option=com_content&task=view&id=115&Itemid=97}. Sichtung: 06.09.2010, Diplomarbeit}	
}

@misc{126,
	author = {ME,Mindstorms Education},
	title = {Die Sensoren HiTechnic Sensoren für LEGO MINDSTORMS NXT},
	year = {2010},
	note = {\url{http://www.nxt-in-der-schule.de/lego-mindstorms-education-nxt-system/nxt-hardware/sensoren}. Sichtung: 14.09.2010}	
}

@misc{127,
	author = {CHL,Christiane Hölscher},
	title = {Auswirkungen von hohen tibialen Umstellungs-Osteotomien auf den Gang und die Kniegelenks-Belastung. Eine
	biomechanische Studie mittels computergestützter dreidimensionaler Ganganalyse, Bodenreaktionskraftmessung und
	Elektromyographie},
	year = {2009},
	note = {\url{http://www.google.de/url?sa=t&source=web&cd=1&ved=0CBYQFjAA&url=http\%3A\%2F\%2Fmiami.uni-muenster.de\%2Fservlets\%2FDerivateServlet\%2FDerivate-5325\%2Fdiss_hoelscher_christiane.pdf&ei=DZC0TKSwLtKS4Aa10_mgDQ&usg=AFQjCNGWSIsBLIhpk3igMnONqFoqElEfJg}. Sichtung: 14.09.2010}
}

@misc{128,
	author = {MSE, Wikipedia Internet Literatur Steuereinheit},
	title = {NXT},
	year = {2010},
	note = {\url{http://de.wikipedia.org/wiki/NXT}. Sichtung: 14.09.2010}	
}

@misc{129,
	author = {MEH,Internet Literatur MICRO ENERGY HARVESTING},
	title = {MICRO ENERGY HARVESTING},
	year = {2010},
	note = {\url{http://www.buch-der-synergie.de/c_neu_html/c_01_10_micro_energy.htm}. Sichtung: 13.10.2010}	
}
@misc{130,
	author = {MHR,Wikipedia Internet Literatur Humanoider Roboter},
	title = {Humanoider Roboter},
	year = {2010},
	note = {\url{http://de.wikipedia.org/wiki/Humanoider_Roboter}. Sichtung: 13.10.2010}	
}
}
